<?xml version="1.0" encoding="UTF-8"?><collection xmlns="http://www.loc.gov/MARC21/slim"><record><leader>00390nam--2200157-i-4500</leader><controlfield tag="001">000010811</controlfield><controlfield tag="002">20161230</controlfield><controlfield tag="005">20170304142946</controlfield><controlfield tag="008">060222s1000------------r-----000-0-eng-d</controlfield><datafield ind1=" " ind2=" " tag="100"><subfield code="a">Byckling, Eero</subfield></datafield><datafield ind1=" " ind2=" " tag="245"><subfield code="a">Particle kinematics</subfield></datafield><datafield ind1=" " ind2=" " tag="260"><subfield code="a">London</subfield><subfield code="b">John Wiley &amp; Sons</subfield><subfield code="c">1973</subfield></datafield><datafield ind1=" " ind2=" " tag="300"><subfield code="a">IX + 319 P</subfield></datafield><datafield ind1=" " ind2=" " tag="700"><subfield code="a">Kajantie, Keijo</subfield></datafield><datafield ind1=" " ind2=" " tag="852"><subfield code="a">530.1:530.12</subfield></datafield><datafield ind1=" " ind2=" " tag="CAT"><subfield code="a">SYS</subfield><subfield code="c">20170304</subfield><subfield code="h">142946</subfield></datafield></record></collection>